@article{丹尼尔1977科学技术百科全书,
  title={科学技术百科全书},
  author={丹尼尔.拉佩兹},
  year={1977},
}
@article{刘伟平1999电子技术和光子技术的发展比较,
  title={电子技术和光子技术的发展比较},
  author={刘伟平},
  journal={科学技术哲学研究},
  number={4},
  pages={49-53},
  year={1999},
}
@article{童诗白2001模拟电子技术基础,
  title={模拟电子技术基础(第三版)},
  author={童诗白、华成英},
  year={2001},
}
@article{陈哲2004电子技术的发展,
  title={电子技术的发展},
  author={陈哲},
  journal={商丘职业技术学院学报},
  volume={3},
  number={3},
  pages={15-16},
  year={2004},
}
@article{卡丽比努尔·塔什铁木尔2015现代电子技术与计算机应用的探讨,
  title={现代电子技术与计算机应用的探讨},
  author={卡丽比努尔.塔什铁木尔},
  journal={电脑编程技巧与维护},
  number={12},
  pages={32-33},
  year={2015},
}
@article{王波2011个人计算机操作系统的发展与展望,
  title={个人计算机操作系统的发展与展望},
  author={王波},
  journal={电脑知识与技术},
  volume={07},
  number={12},
  pages={2853-2855},
  year={2011},
}
@article{郭阳2012片上多核处理器验证,
  title={片上多核处理器验证:挑战、现状与展望},
  author={郭阳、 李思昆 、 屈婉霞},
  journal={计算机辅助设计与图形学学报},
  volume={24},
  number={12},
  pages={1521-1532},
  year={2012},
}
